
@article{(werra1985)introduction,
  title = {An Introduction to Timetabling},
  author = {Werra, D.},
  year = {1985},
  journal = {European Journal of Operational Research},
  volume = {19},
  pages = {151--162},
  doi = {10.1016/0377-2217(85)90167-5},
  keywords = {achieved,cited,core}
}


